<record><leader>00000cas a2200000 a 4500</leader><controlfield tag="001">10842773</controlfield><controlfield tag="008">840614d18541855vtuwr ne      0    0eng d</controlfield><datafield ind1=" " ind2=" " tag="010"><subfield code="a">sn 84023226 </subfield></datafield><datafield ind1=" " ind2=" " tag="040"><subfield code="a">AQM</subfield><subfield code="b">eng</subfield><subfield code="c">AQM</subfield><subfield code="d">NPX</subfield><subfield code="d">NVN</subfield><subfield code="d">OCL</subfield><subfield code="d">OCLCQ</subfield><subfield code="d">OCLCF</subfield><subfield code="d">OCLCO</subfield></datafield><datafield ind1=" " ind2=" " tag="042"><subfield code="a">msc</subfield></datafield><datafield ind1=" " ind2=" " tag="043"><subfield code="a">n-us-vt</subfield></datafield><datafield ind1="0" ind2="4" tag="245"><subfield code="a">The Star of Vermont.</subfield></datafield><datafield ind1=" " ind2=" " tag="260"><subfield code="a">Northfield [Vt.] :</subfield><subfield code="b">R.S. Sanborn &amp; Co.,</subfield><subfield code="c">1854-1855.</subfield></datafield><datafield ind1=" " ind2=" " tag="300"><subfield code="a">v.</subfield></datafield><datafield ind1=" " ind2=" " tag="310"><subfield code="a">Weekly</subfield></datafield><datafield ind1="0" ind2=" " tag="362"><subfield code="a">Vol. 1, no. 1 (Oct. 21, 1854)-v. 1, no. 21 (Mar. 10, 1855).</subfield></datafield><datafield ind1=" " ind2=" " tag="500"><subfield code="a">Editors: A. Morse, 1854-1855; W.F. Woodworth, A. Morse, 1855.</subfield></datafield><datafield ind1=" " ind2=" " tag="500"><subfield code="a">Published simultaneously in Burlington &amp; Bethel, Oct. 21-Nov. 11, 1854; in Bethel, 1854-Mar. 10, 1855.</subfield></datafield><datafield ind1=" " ind2=" " tag="500"><subfield code="a">Publishers: Safford &amp; Morse, 1854-1855; Abner Morse &amp; Co., 1855; W.F. Woodworth, 1855.</subfield></datafield><datafield ind1=" " ind2=" " tag="500"><subfield code="a">Printer: H.V.R. Poole, 1854-1855.</subfield></datafield><datafield ind1=" " ind2=" " tag="500"><subfield code="a">"Native American."</subfield></datafield><datafield ind1=" " ind2="0" tag="651"><subfield code="a">Vermont</subfield><subfield code="v">Newspapers.</subfield></datafield><datafield ind1=" " ind2="7" tag="655"><subfield code="a">Newspapers.</subfield><subfield code="2">fast</subfield><subfield code="0">(OCoLC)fst01423814</subfield></datafield><datafield ind1=" " ind2="7" tag="651"><subfield code="a">Vermont.</subfield><subfield code="2">fast</subfield><subfield code="0">(OCoLC)fst01204305</subfield></datafield><datafield ind1="1" ind2=" " tag="700"><subfield code="a">Morse, Abner.</subfield></datafield><datafield ind1="1" ind2=" " tag="700"><subfield code="a">Woodworth, W. F.</subfield></datafield><datafield ind1=" " ind2=" " tag="752"><subfield code="a">United States</subfield><subfield code="b">Vermont</subfield><subfield code="c">Washington</subfield><subfield code="d">Northfield.</subfield></datafield><datafield ind1=" " ind2=" " tag="752"><subfield code="a">United States</subfield><subfield code="b">Vermont</subfield><subfield code="c">Windsor</subfield><subfield code="d">Bethel.</subfield></datafield><datafield ind1=" " ind2=" " tag="752"><subfield code="a">United States</subfield><subfield code="b">Vermont</subfield><subfield code="c">Chittendon</subfield><subfield code="d">Burlington.</subfield></datafield><datafield ind1="0" ind2="5" tag="780"><subfield code="t">Green Mountain herald</subfield><subfield code="g">1854</subfield></datafield><datafield ind1="0" ind2="0" tag="785"><subfield code="t">Star of Vermont and farmer's register</subfield><subfield code="w">(DLC)sn 84023227</subfield><subfield code="w">(OCoLC)10842813</subfield></datafield></record>